<?xml version="1.0" encoding="UTF-8"?><collection xmlns="http://www.loc.gov/MARC21/slim"><record><leader>00344nam--2200133-i-4500</leader><controlfield tag="001">000019332</controlfield><controlfield tag="002">20161230</controlfield><controlfield tag="005">20161230201033</controlfield><controlfield tag="008">060222s1000------------r-----000-0-eng-d</controlfield><datafield ind1=" " ind2=" " tag="080"><subfield code="a">519.4</subfield></datafield><datafield ind1=" " ind2=" " tag="100"><subfield code="a">Englefield,M.J</subfield></datafield><datafield ind1=" " ind2=" " tag="245"><subfield code="a">Group theory an the coulomb problem</subfield></datafield><datafield ind1=" " ind2=" " tag="260"><subfield code="a">New  York, Wiley-inaterscicence, 1972. Viii + 120 P</subfield></datafield><datafield ind1=" " ind2=" " tag="852"><subfield code="a">36539</subfield></datafield></record></collection>